

@misc{Contributors2021Lindeberg,
	note = {[Online; accessed 2022-01-30]},
	author = {{Contributors to Wikimedia projects}},
	year = {2021},
	month = {oct 7},
	title = {Lindeberg's condition},
	howpublished = {https://en.wikipedia.org/wiki/Lindeberg%27s\textunderscore{}condition},
}
@book{Tijms2007Understanding,
	note = {[Online; accessed 2022-01-30]},
	author = {Tijms, Henk},
	year = {2007},
	month = {jul 26},
	publisher = {Cambridge University Press},
	title = {Understanding {Probability}: Chance {Rules} in {Everyday} {Life}},
}

@misc{Matteo202113_R,
	note = {[Online; accessed 2022-01-30]},
	author = {{Matteo Bianchi}},
	year = {2021},
	month = {nov 5},
	title = {13\textunderscore{}{R}},
	howpublished = {https://www.matteobianchi.eu/statistics-posts/week\textunderscore{}9/13r/},
}

@book{Fischer2010History,
	note = {[Online; accessed 2022-01-30]},
	author = {Fischer, Hans},
	year = {2010},
	month = {oct 8},
	publisher = {Springer Science and Business Media},
	title = {A {History} of the {Central} {Limit} {Theorem}: From {Classical} to {Modern} {Probability} {Theory}},
}

@book{Laplace2012Pierre,
	note = {[Online; accessed 2022-01-30]},
	author = {Laplace, Pierre-Simon},
	year = {2012},
	month = {dec 6},
	publisher = {Springer Science and Business Media},
	title = {Pierre-{Simon} {Laplace} {Philosophical} {Essay} on {Probabilities}: Translated from the fifth {French} edition of 1825 {With} {Notes} by the {Translator}},
}

@book{Dodge2008Concise,
	note = {[Online; accessed 2022-01-30]},
	author = {Dodge, Yadolah},
	year = {2008},
	month = {apr 15},
	publisher = {Springer Science and Business Media},
	title = {The {Concise} {Encyclopedia} of {Statistics}},
}

@book{Remez1962General,
	note = {[Online; accessed 2022-01-30]},
	author = {Remez, Evgeni{\u i} IAkovlevich},
	year = {1962},
	title = {General {Computational} {Methods} of {Chebyshev} {Approximation}: The {Problems} with {Linear} {Real} {Parameters}},
}

@book{1852Comptes,
	note = {[Online; accessed 2022-01-31]},
	author = {, Cauchy},
	year = {1852},
	title = {Comptes rendus hebdomadaires des s{\' e}ances de l'{Acad}{\' e}mie des sciences de {Paris}},
}




@book{Hardy2013Dirchlet,
	note = {[Online; accessed 2022-01-31]},
	author = {Hardy, G. H. and Riesz, Marcel},
	year = {2013},
	month = {jan 23},
	publisher = {Courier Corporation},
	title = {The {General} {Theory} of {Dirichlet}'s {Series}},
}

@book{Daston2021Classical,
	note = {[Online; accessed 2022-01-31]},
	author = {Daston, Lorraine},
	year = {2021},
	month = {may 11},
	publisher = {Princeton University Press},
	title = {Classical {Probability} in the {Enlightenment}},
}

@article{Ganti2021What,
	note = {[Online; accessed 2022-01-31]},
	author = {Ganti, Akhilesh},
	journal = {Investopedia},
	year = {2021},
	month = {oct 27},
	title = {What {Is} the {Central} {Limit} {Theorem} ({CLT})?},
	howpublished = {https://www.investopedia.com/terms/c/central\textunderscore{}limit\textunderscore{}theorem.asp},
}

